@Article{Bah,
  author = 	 {Scrooge, Ebenezer and Shepherd, Alan},
  title = 	 {On the Growth of Green in Space},
  journal = 	 {Journal of Astrophysical Economics},
  year = 	 1992,
  volume =	 3,
  number =	 4,
  month =	 {August},
  pages =	 {47--89}
}

@InProceedings{xyz,
  author = 	 {Daniel J. Barrett and John V. E. Ridgway and Jack C. Wileden},
  title = 	 {Why There are No Sheep in our Work},
  booktitle = 	 {Proceedings of the Third Sheep Conference},
  editor =	 {Ian McPherson Sheepish},
  year =	 1997,
  organization = {American Sheepherders Society},
  publisher =	 {Sheepdip and Associates},
  address =	 {Edinburgh, Scotland},
  month =	 jan,
  pages =	 {39--45}
}

@article{f1,
  title={Estimation of the area grazed by sheep},
  author={Faraggi, David and Reiser, Benjamin},
  journal={Sheep Statistics},
  volume={21},
  number={20},
  pages={3093--3106},
  year={2002},
  publisher={Wiley Online Library}
}

@article{f2,
  author = {Fowler, James H.}, 
  title = {Weaving the Threads: A Study of Wool Production},
  volume = {14}, 
  number = {4}, 
  pages = {456--487}, 
  year = {2006}, 
  nodoi = {10.1093/pan/mpl002}, 
  noURL = {http://sheep.org/content/14/4/456.abstract}, 
  journal = {Fiber Analysis} 
}

